<?xml version="1.0" encoding="UTF-8"?><record xmlns="http://www.loc.gov/MARC21/slim" xmlns:cinclude="http://apache.org/cocoon/include/1.0" xmlns:zs="http://www.loc.gov/zing/srw/">
  <leader>00307nz  a2200121n  4500</leader>
  <controlfield tag="001">nb 99002587 </controlfield>
  <controlfield tag="003">DLC</controlfield>
  <controlfield tag="005">19981217054051.5</controlfield>
  <controlfield tag="008">981215n| acannaab|          |n aaa     c</controlfield>
  <datafield tag="010" ind1=" " ind2=" ">
    <subfield code="a">nb 99002587 </subfield>
  </datafield>
  <datafield tag="040" ind1=" " ind2=" ">
    <subfield code="a">Uk</subfield>
    <subfield code="c">Uk</subfield>
  </datafield>
  <datafield tag="100" ind1="1" ind2="0">
    <subfield code="a">Hanson, Carrie,</subfield>
    <subfield code="d">1960-</subfield>
  </datafield>
  <datafield tag="670" ind1=" " ind2=" ">
    <subfield code="a">Bang, 1997:</subfield>
    <subfield code="b">t.p. (Carrie Hanson) p.32 (born 1960)</subfield>
  </datafield>
</record>